<?xml version="1.0" encoding="UTF-8"?><collection xmlns="http://www.loc.gov/MARC21/slim"><record><leader>00549nam--2200193-i-4500</leader><controlfield tag="001">000026419</controlfield><controlfield tag="002">20161230</controlfield><controlfield tag="005">20161230201036</controlfield><controlfield tag="008">060222s1000------------r-----000-0-rus-d</controlfield><datafield ind1=" " ind2=" " tag="040"><subfield code="a">IFIN-HH</subfield></datafield><datafield ind1=" " ind2=" " tag="041"><subfield code="a">rus</subfield></datafield><datafield ind1=" " ind2=" " tag="080"><subfield code="a">537.8</subfield></datafield><datafield ind1="1" ind2=" " tag="100"><subfield code="a">Sigalov, R.G</subfield></datafield><datafield ind1="1" ind2="0" tag="245"><subfield code="a">Novie issledovania dvijusih sil magnitnogo polia</subfield><subfield code="b">Vtooe dopolnennoe izdanie</subfield><subfield code="c">R.g. sigalov, t.i. sapovalova, h.h. karimov, n.i. samsonov</subfield></datafield><datafield ind1=" " ind2=" " tag="260"><subfield code="a">Taskent</subfield><subfield code="b">Fan</subfield><subfield code="c">1975</subfield></datafield><datafield ind1=" " ind2=" " tag="300"><subfield code="a">229P</subfield></datafield><datafield ind1="1" ind2=" " tag="700"><subfield code="a">Samsonov, N.I</subfield></datafield><datafield ind1=" " ind2=" " tag="852"><subfield code="a">76147</subfield><subfield code="c">538.4</subfield></datafield><datafield ind1=" " ind2=" " tag="CAT"><subfield code="a">Sys</subfield><subfield code="c">20110920</subfield><subfield code="h">150821</subfield></datafield></record></collection>